%YAML 1.1
%TAG !u! tag:unity3d.com,2011:
--- !u!1 &860948636835870570
GameObject:
  m_ObjectHideFlags: 0
  m_CorrespondingSourceObject: {fileID: 0}
  m_PrefabInstance: {fileID: 0}
  m_PrefabAsset: {fileID: 0}
  serializedVersion: 6
  m_Component:
  - component: {fileID: 8688328589350059267}
  - component: {fileID: 18395159653076388}
  m_Layer: 0
  m_Name: IconTemplate
  m_TagString: Untagged
  m_Icon: {fileID: 0}
  m_NavMeshLayer: 0
  m_StaticEditorFlags: 0
  m_IsActive: 1
--- !u!224 &8688328589350059267
RectTransform:
  m_ObjectHideFlags: 0
  m_CorrespondingSourceObject: {fileID: 0}
  m_PrefabInstance: {fileID: 0}
  m_PrefabAsset: {fileID: 0}
  m_GameObject: {fileID: 860948636835870570}
  m_LocalRotation: {x: 0, y: 0, z: 0, w: 1}
  m_LocalPosition: {x: 0, y: 0, z: 0}
  m_LocalScale: {x: 1, y: 1, z: 1}
  m_ConstrainProportionsScale: 0
  m_Children:
  - {fileID: 2336028439583794721}
  - {fileID: 895636143813893078}
  m_Father: {fileID: 8883662500116724548}
  m_RootOrder: -1
  m_LocalEulerAnglesHint: {x: 0, y: 0, z: 0}
  m_AnchorMin: {x: 0, y: 0}
  m_AnchorMax: {x: 0, y: 0}
  m_AnchoredPosition: {x: 0, y: 0}
  m_SizeDelta: {x: 0, y: 0}
  m_Pivot: {x: 0.5, y: 0.5}
--- !u!114 &18395159653076388
MonoBehaviour:
  m_ObjectHideFlags: 0
  m_CorrespondingSourceObject: {fileID: 0}
  m_PrefabInstance: {fileID: 0}
  m_PrefabAsset: {fileID: 0}
  m_GameObject: {fileID: 860948636835870570}
  m_Enabled: 1
  m_EditorHideFlags: 0
  m_Script: {fileID: 11500000, guid: 14e6e15fa8960a94ca9b132a18012abc, type: 3}
  m_Name: 
  m_EditorClassIdentifier: 
  iconImage: {fileID: 3866791527977123488}
--- !u!1 &895600556036497554
GameObject:
  m_ObjectHideFlags: 0
  m_CorrespondingSourceObject: {fileID: 0}
  m_PrefabInstance: {fileID: 0}
  m_PrefabAsset: {fileID: 0}
  serializedVersion: 6
  m_Component:
  - component: {fileID: 6909734788211425487}
  - component: {fileID: 4612980267908402254}
  m_Layer: 0
  m_Name: Plate
  m_TagString: Untagged
  m_Icon: {fileID: 0}
  m_NavMeshLayer: 0
  m_StaticEditorFlags: 0
  m_IsActive: 1
--- !u!4 &6909734788211425487
Transform:
  m_ObjectHideFlags: 0
  m_CorrespondingSourceObject: {fileID: 0}
  m_PrefabInstance: {fileID: 0}
  m_PrefabAsset: {fileID: 0}
  m_GameObject: {fileID: 895600556036497554}
  m_LocalRotation: {x: 0, y: 0, z: 0, w: 1}
  m_LocalPosition: {x: 1, y: 0, z: 0}
  m_LocalScale: {x: 1, y: 1, z: 1}
  m_ConstrainProportionsScale: 0
  m_Children:
  - {fileID: 1941160442472115635}
  - {fileID: 2221159285540517566}
  - {fileID: 8883662500116724548}
  m_Father: {fileID: 0}
  m_RootOrder: 0
  m_LocalEulerAnglesHint: {x: 0, y: 0, z: 0}
--- !u!114 &4612980267908402254
MonoBehaviour:
  m_ObjectHideFlags: 0
  m_CorrespondingSourceObject: {fileID: 0}
  m_PrefabInstance: {fileID: 0}
  m_PrefabAsset: {fileID: 0}
  m_GameObject: {fileID: 895600556036497554}
  m_Enabled: 1
  m_EditorHideFlags: 0
  m_Script: {fileID: 11500000, guid: 4eec541c4d1399d4ab1be8c070852000, type: 3}
  m_Name: 
  m_EditorClassIdentifier: 
  kitchenObjectSO: {fileID: 11400000, guid: a8f51e50f35ba2c418e0b767966aa91c, type: 2}
  validKitchenObjectSOList:
  - {fileID: 11400000, guid: d5e57712e9230c843b373ee602367a07, type: 2}
  - {fileID: 11400000, guid: 9fe2a462914ee3f48ab6da5d517143ef, type: 2}
  - {fileID: 11400000, guid: 6a6f6cbe71072b5498471ba78e73a5a5, type: 2}
  - {fileID: 11400000, guid: 5cbf829ed054c054d83d6c0d4ce309a9, type: 2}
  - {fileID: 11400000, guid: 46c5295696555b547bbc101e2d327a14, type: 2}
  - {fileID: 11400000, guid: 03eee882674b9984c9dbdce248dd112d, type: 2}
--- !u!1 &1222073733964702839
GameObject:
  m_ObjectHideFlags: 0
  m_CorrespondingSourceObject: {fileID: 0}
  m_PrefabInstance: {fileID: 0}
  m_PrefabAsset: {fileID: 0}
  serializedVersion: 6
  m_Component:
  - component: {fileID: 8883662500116724548}
  - component: {fileID: 6507388318191913616}
  - component: {fileID: 1332603220878045889}
  - component: {fileID: 792636143382726181}
  - component: {fileID: 727187892053066671}
  - component: {fileID: 8563001064203737741}
  - component: {fileID: 8275132777914458139}
  m_Layer: 0
  m_Name: PlateIconUI
  m_TagString: Untagged
  m_Icon: {fileID: 0}
  m_NavMeshLayer: 0
  m_StaticEditorFlags: 0
  m_IsActive: 1
--- !u!224 &8883662500116724548
RectTransform:
  m_ObjectHideFlags: 0
  m_CorrespondingSourceObject: {fileID: 0}
  m_PrefabInstance: {fileID: 0}
  m_PrefabAsset: {fileID: 0}
  m_GameObject: {fileID: 1222073733964702839}
  m_LocalRotation: {x: -0, y: -0, z: -0, w: 1}
  m_LocalPosition: {x: 0, y: 0, z: 0}
  m_LocalScale: {x: 1, y: 1, z: 1}
  m_ConstrainProportionsScale: 0
  m_Children:
  - {fileID: 8688328589350059267}
  m_Father: {fileID: 6909734788211425487}
  m_RootOrder: -1
  m_LocalEulerAnglesHint: {x: 0, y: 0, z: 0}
  m_AnchorMin: {x: 0, y: 0}
  m_AnchorMax: {x: 0, y: 0}
  m_AnchoredPosition: {x: 0, y: 1}
  m_SizeDelta: {x: 0.9, y: 0.9}
  m_Pivot: {x: 0.5, y: 0.5}
--- !u!223 &6507388318191913616
Canvas:
  m_ObjectHideFlags: 0
  m_CorrespondingSourceObject: {fileID: 0}
  m_PrefabInstance: {fileID: 0}
  m_PrefabAsset: {fileID: 0}
  m_GameObject: {fileID: 1222073733964702839}
  m_Enabled: 1
  serializedVersion: 3
  m_RenderMode: 2
  m_Camera: {fileID: 0}
  m_PlaneDistance: 100
  m_PixelPerfect: 0
  m_ReceivesEvents: 1
  m_OverrideSorting: 0
  m_OverridePixelPerfect: 0
  m_SortingBucketNormalizedSize: 0
  m_AdditionalShaderChannelsFlag: 0
  m_UpdateRectTransformForStandalone: 0
  m_SortingLayerID: 0
  m_SortingOrder: 0
  m_TargetDisplay: 0
--- !u!114 &1332603220878045889
MonoBehaviour:
  m_ObjectHideFlags: 0
  m_CorrespondingSourceObject: {fileID: 0}
  m_PrefabInstance: {fileID: 0}
  m_PrefabAsset: {fileID: 0}
  m_GameObject: {fileID: 1222073733964702839}
  m_Enabled: 1
  m_EditorHideFlags: 0
  m_Script: {fileID: 11500000, guid: 0cd44c1031e13a943bb63640046fad76, type: 3}
  m_Name: 
  m_EditorClassIdentifier: 
  m_UiScaleMode: 0
  m_ReferencePixelsPerUnit: 100
  m_ScaleFactor: 1
  m_ReferenceResolution: {x: 800, y: 600}
  m_ScreenMatchMode: 0
  m_MatchWidthOrHeight: 0
  m_PhysicalUnit: 3
  m_FallbackScreenDPI: 96
  m_DefaultSpriteDPI: 96
  m_DynamicPixelsPerUnit: 1
  m_PresetInfoIsWorld: 1
--- !u!114 &792636143382726181
MonoBehaviour:
  m_ObjectHideFlags: 0
  m_CorrespondingSourceObject: {fileID: 0}
  m_PrefabInstance: {fileID: 0}
  m_PrefabAsset: {fileID: 0}
  m_GameObject: {fileID: 1222073733964702839}
  m_Enabled: 1
  m_EditorHideFlags: 0
  m_Script: {fileID: 11500000, guid: dc42784cf147c0c48a680349fa168899, type: 3}
  m_Name: 
  m_EditorClassIdentifier: 
  m_IgnoreReversedGraphics: 1
  m_BlockingObjects: 0
  m_BlockingMask:
    serializedVersion: 2
    m_Bits: 4294967295
--- !u!114 &727187892053066671
MonoBehaviour:
  m_ObjectHideFlags: 0
  m_CorrespondingSourceObject: {fileID: 0}
  m_PrefabInstance: {fileID: 0}
  m_PrefabAsset: {fileID: 0}
  m_GameObject: {fileID: 1222073733964702839}
  m_Enabled: 1
  m_EditorHideFlags: 0
  m_Script: {fileID: 11500000, guid: 8a8695521f0d02e499659fee002a26c2, type: 3}
  m_Name: 
  m_EditorClassIdentifier: 
  m_Padding:
    m_Left: 0
    m_Right: 0
    m_Top: 0
    m_Bottom: 0
  m_ChildAlignment: 4
  m_StartCorner: 0
  m_StartAxis: 0
  m_CellSize: {x: 0.3, y: 0.3}
  m_Spacing: {x: 0, y: 0}
  m_Constraint: 0
  m_ConstraintCount: 2
--- !u!114 &8563001064203737741
MonoBehaviour:
  m_ObjectHideFlags: 0
  m_CorrespondingSourceObject: {fileID: 0}
  m_PrefabInstance: {fileID: 0}
  m_PrefabAsset: {fileID: 0}
  m_GameObject: {fileID: 1222073733964702839}
  m_Enabled: 1
  m_EditorHideFlags: 0
  m_Script: {fileID: 11500000, guid: 636c96c7fd75ce54e9106527650efac1, type: 3}
  m_Name: 
  m_EditorClassIdentifier: 
  plateKitchenObject: {fileID: 4612980267908402254}
  iconTemplate: {fileID: 8688328589350059267}
--- !u!114 &8275132777914458139
MonoBehaviour:
  m_ObjectHideFlags: 0
  m_CorrespondingSourceObject: {fileID: 0}
  m_PrefabInstance: {fileID: 0}
  m_PrefabAsset: {fileID: 0}
  m_GameObject: {fileID: 1222073733964702839}
  m_Enabled: 1
  m_EditorHideFlags: 0
  m_Script: {fileID: 11500000, guid: a298ad953d5520243bd195fabf016404, type: 3}
  m_Name: 
  m_EditorClassIdentifier: 
  mode: 2
--- !u!1 &1743303987375724479
GameObject:
  m_ObjectHideFlags: 0
  m_CorrespondingSourceObject: {fileID: 0}
  m_PrefabInstance: {fileID: 0}
  m_PrefabAsset: {fileID: 0}
  serializedVersion: 6
  m_Component:
  - component: {fileID: 895636143813893078}
  - component: {fileID: 5442602309343578007}
  - component: {fileID: 3866791527977123488}
  m_Layer: 0
  m_Name: Icon
  m_TagString: Untagged
  m_Icon: {fileID: 0}
  m_NavMeshLayer: 0
  m_StaticEditorFlags: 0
  m_IsActive: 1
--- !u!224 &895636143813893078
RectTransform:
  m_ObjectHideFlags: 0
  m_CorrespondingSourceObject: {fileID: 0}
  m_PrefabInstance: {fileID: 0}
  m_PrefabAsset: {fileID: 0}
  m_GameObject: {fileID: 1743303987375724479}
  m_LocalRotation: {x: -0, y: -0, z: -0, w: 1}
  m_LocalPosition: {x: 0, y: 0, z: 0}
  m_LocalScale: {x: 1, y: 1, z: 1}
  m_ConstrainProportionsScale: 0
  m_Children: []
  m_Father: {fileID: 8688328589350059267}
  m_RootOrder: -1
  m_LocalEulerAnglesHint: {x: 0, y: 0, z: 0}
  m_AnchorMin: {x: 0.5, y: 0.5}
  m_AnchorMax: {x: 0.5, y: 0.5}
  m_AnchoredPosition: {x: 0, y: 0}
  m_SizeDelta: {x: 0.3, y: 0.3}
  m_Pivot: {x: 0.5, y: 0.5}
--- !u!222 &5442602309343578007
CanvasRenderer:
  m_ObjectHideFlags: 0
  m_CorrespondingSourceObject: {fileID: 0}
  m_PrefabInstance: {fileID: 0}
  m_PrefabAsset: {fileID: 0}
  m_GameObject: {fileID: 1743303987375724479}
  m_CullTransparentMesh: 1
--- !u!114 &3866791527977123488
MonoBehaviour:
  m_ObjectHideFlags: 0
  m_CorrespondingSourceObject: {fileID: 0}
  m_PrefabInstance: {fileID: 0}
  m_PrefabAsset: {fileID: 0}
  m_GameObject: {fileID: 1743303987375724479}
  m_Enabled: 1
  m_EditorHideFlags: 0
  m_Script: {fileID: 11500000, guid: fe87c0e1cc204ed48ad3b37840f39efc, type: 3}
  m_Name: 
  m_EditorClassIdentifier: 
  m_Material: {fileID: 0}
  m_Color: {r: 1, g: 1, b: 1, a: 1}
  m_RaycastTarget: 1
  m_RaycastPadding: {x: 0, y: 0, z: 0, w: 0}
  m_Maskable: 1
  m_OnCullStateChanged:
    m_PersistentCalls:
      m_Calls: []
  m_Sprite: {fileID: 21300000, guid: 77b28124b8bda494381c80bd5aa42c22, type: 3}
  m_Type: 0
  m_PreserveAspect: 0
  m_FillCenter: 1
  m_FillMethod: 4
  m_FillAmount: 1
  m_FillClockwise: 1
  m_FillOrigin: 0
  m_UseSpriteMesh: 0
  m_PixelsPerUnitMultiplier: 1
--- !u!1 &2470815903740954724
GameObject:
  m_ObjectHideFlags: 0
  m_CorrespondingSourceObject: {fileID: 0}
  m_PrefabInstance: {fileID: 0}
  m_PrefabAsset: {fileID: 0}
  serializedVersion: 6
  m_Component:
  - component: {fileID: 2336028439583794721}
  - component: {fileID: 6660111204404972187}
  - component: {fileID: 9138102530734396675}
  m_Layer: 0
  m_Name: Background
  m_TagString: Untagged
  m_Icon: {fileID: 0}
  m_NavMeshLayer: 0
  m_StaticEditorFlags: 0
  m_IsActive: 1
--- !u!224 &2336028439583794721
RectTransform:
  m_ObjectHideFlags: 0
  m_CorrespondingSourceObject: {fileID: 0}
  m_PrefabInstance: {fileID: 0}
  m_PrefabAsset: {fileID: 0}
  m_GameObject: {fileID: 2470815903740954724}
  m_LocalRotation: {x: -0, y: -0, z: -0, w: 1}
  m_LocalPosition: {x: 0, y: 0, z: 0}
  m_LocalScale: {x: 1, y: 1, z: 1}
  m_ConstrainProportionsScale: 0
  m_Children: []
  m_Father: {fileID: 8688328589350059267}
  m_RootOrder: -1
  m_LocalEulerAnglesHint: {x: 0, y: 0, z: 0}
  m_AnchorMin: {x: 0.5, y: 0.5}
  m_AnchorMax: {x: 0.5, y: 0.5}
  m_AnchoredPosition: {x: 0, y: 0}
  m_SizeDelta: {x: 0.3, y: 0.3}
  m_Pivot: {x: 0.5, y: 0.5}
--- !u!222 &6660111204404972187
CanvasRenderer:
  m_ObjectHideFlags: 0
  m_CorrespondingSourceObject: {fileID: 0}
  m_PrefabInstance: {fileID: 0}
  m_PrefabAsset: {fileID: 0}
  m_GameObject: {fileID: 2470815903740954724}
  m_CullTransparentMesh: 1
--- !u!114 &9138102530734396675
MonoBehaviour:
  m_ObjectHideFlags: 0
  m_CorrespondingSourceObject: {fileID: 0}
  m_PrefabInstance: {fileID: 0}
  m_PrefabAsset: {fileID: 0}
  m_GameObject: {fileID: 2470815903740954724}
  m_Enabled: 1
  m_EditorHideFlags: 0
  m_Script: {fileID: 11500000, guid: fe87c0e1cc204ed48ad3b37840f39efc, type: 3}
  m_Name: 
  m_EditorClassIdentifier: 
  m_Material: {fileID: 0}
  m_Color: {r: 1, g: 1, b: 1, a: 1}
  m_RaycastTarget: 1
  m_RaycastPadding: {x: 0, y: 0, z: 0, w: 0}
  m_Maskable: 1
  m_OnCullStateChanged:
    m_PersistentCalls:
      m_Calls: []
  m_Sprite: {fileID: -2413806693520163455, guid: a86470a33a6bf42c4b3595704624658b,
    type: 3}
  m_Type: 0
  m_PreserveAspect: 0
  m_FillCenter: 1
  m_FillMethod: 4
  m_FillAmount: 1
  m_FillClockwise: 1
  m_FillOrigin: 0
  m_UseSpriteMesh: 0
  m_PixelsPerUnitMultiplier: 1
--- !u!1001 &1981458654074553242
PrefabInstance:
  m_ObjectHideFlags: 0
  serializedVersion: 2
  m_Modification:
    serializedVersion: 3
    m_TransformParent: {fileID: 6909734788211425487}
    m_Modifications:
    - target: {fileID: 408889407006782756, guid: 10e39c981f2de6441b54efde32ced8f0,
        type: 3}
      propertyPath: m_RootOrder
      value: 0
      objectReference: {fileID: 0}
    - target: {fileID: 408889407006782756, guid: 10e39c981f2de6441b54efde32ced8f0,
        type: 3}
      propertyPath: m_LocalPosition.x
      value: 0
      objectReference: {fileID: 0}
    - target: {fileID: 408889407006782756, guid: 10e39c981f2de6441b54efde32ced8f0,
        type: 3}
      propertyPath: m_LocalPosition.y
      value: 0
      objectReference: {fileID: 0}
    - target: {fileID: 408889407006782756, guid: 10e39c981f2de6441b54efde32ced8f0,
        type: 3}
      propertyPath: m_LocalPosition.z
      value: 0
      objectReference: {fileID: 0}
    - target: {fileID: 408889407006782756, guid: 10e39c981f2de6441b54efde32ced8f0,
        type: 3}
      propertyPath: m_LocalRotation.w
      value: 1
      objectReference: {fileID: 0}
    - target: {fileID: 408889407006782756, guid: 10e39c981f2de6441b54efde32ced8f0,
        type: 3}
      propertyPath: m_LocalRotation.x
      value: 0
      objectReference: {fileID: 0}
    - target: {fileID: 408889407006782756, guid: 10e39c981f2de6441b54efde32ced8f0,
        type: 3}
      propertyPath: m_LocalRotation.y
      value: 0
      objectReference: {fileID: 0}
    - target: {fileID: 408889407006782756, guid: 10e39c981f2de6441b54efde32ced8f0,
        type: 3}
      propertyPath: m_LocalRotation.z
      value: 0
      objectReference: {fileID: 0}
    - target: {fileID: 408889407006782756, guid: 10e39c981f2de6441b54efde32ced8f0,
        type: 3}
      propertyPath: m_LocalEulerAnglesHint.x
      value: 0
      objectReference: {fileID: 0}
    - target: {fileID: 408889407006782756, guid: 10e39c981f2de6441b54efde32ced8f0,
        type: 3}
      propertyPath: m_LocalEulerAnglesHint.y
      value: 0
      objectReference: {fileID: 0}
    - target: {fileID: 408889407006782756, guid: 10e39c981f2de6441b54efde32ced8f0,
        type: 3}
      propertyPath: m_LocalEulerAnglesHint.z
      value: 0
      objectReference: {fileID: 0}
    - target: {fileID: 408889407006782757, guid: 10e39c981f2de6441b54efde32ced8f0,
        type: 3}
      propertyPath: m_Name
      value: PlateCompleteVisual
      objectReference: {fileID: 0}
    - target: {fileID: 3550707550894988255, guid: 10e39c981f2de6441b54efde32ced8f0,
        type: 3}
      propertyPath: m_IsActive
      value: 1
      objectReference: {fileID: 0}
    - target: {fileID: 3550707551136013323, guid: 10e39c981f2de6441b54efde32ced8f0,
        type: 3}
      propertyPath: m_IsActive
      value: 1
      objectReference: {fileID: 0}
    - target: {fileID: 3550707552375629789, guid: 10e39c981f2de6441b54efde32ced8f0,
        type: 3}
      propertyPath: m_IsActive
      value: 1
      objectReference: {fileID: 0}
    - target: {fileID: 3550707552397226385, guid: 10e39c981f2de6441b54efde32ced8f0,
        type: 3}
      propertyPath: m_IsActive
      value: 1
      objectReference: {fileID: 0}
    - target: {fileID: 3550707552663613203, guid: 10e39c981f2de6441b54efde32ced8f0,
        type: 3}
      propertyPath: m_IsActive
      value: 1
      objectReference: {fileID: 0}
    - target: {fileID: 3611271270719445377, guid: 10e39c981f2de6441b54efde32ced8f0,
        type: 3}
      propertyPath: m_IsActive
      value: 1
      objectReference: {fileID: 0}
    m_RemovedComponents: []
    m_RemovedGameObjects: []
    m_AddedGameObjects: []
    m_AddedComponents:
    - targetCorrespondingSourceObject: {fileID: 408889407006782757, guid: 10e39c981f2de6441b54efde32ced8f0,
        type: 3}
      insertIndex: -1
      addedObject: {fileID: 6583068543083050152}
  m_SourcePrefab: {fileID: 100100000, guid: 10e39c981f2de6441b54efde32ced8f0, type: 3}
--- !u!4 &2221159285540517566 stripped
Transform:
  m_CorrespondingSourceObject: {fileID: 408889407006782756, guid: 10e39c981f2de6441b54efde32ced8f0,
    type: 3}
  m_PrefabInstance: {fileID: 1981458654074553242}
  m_PrefabAsset: {fileID: 0}
--- !u!1 &2221159285540517567 stripped
GameObject:
  m_CorrespondingSourceObject: {fileID: 408889407006782757, guid: 10e39c981f2de6441b54efde32ced8f0,
    type: 3}
  m_PrefabInstance: {fileID: 1981458654074553242}
  m_PrefabAsset: {fileID: 0}
--- !u!114 &6583068543083050152
MonoBehaviour:
  m_ObjectHideFlags: 0
  m_CorrespondingSourceObject: {fileID: 0}
  m_PrefabInstance: {fileID: 0}
  m_PrefabAsset: {fileID: 0}
  m_GameObject: {fileID: 2221159285540517567}
  m_Enabled: 1
  m_EditorHideFlags: 0
  m_Script: {fileID: 11500000, guid: b75c2ef64ed3f4c45b1b9a7ed9345418, type: 3}
  m_Name: 
  m_EditorClassIdentifier: 
  plateKitchenObject: {fileID: 4612980267908402254}
  kitchenObjectSOGameObjectList:
  - kitchenObjectSO: {fileID: 11400000, guid: d5e57712e9230c843b373ee602367a07, type: 2}
    gameObject: {fileID: 3042510925655665801}
  - kitchenObjectSO: {fileID: 11400000, guid: 46c5295696555b547bbc101e2d327a14, type: 2}
    gameObject: {fileID: 3042510925398123591}
  - kitchenObjectSO: {fileID: 11400000, guid: 03eee882674b9984c9dbdce248dd112d, type: 2}
    gameObject: {fileID: 3042510926176493457}
  - kitchenObjectSO: {fileID: 11400000, guid: 6a6f6cbe71072b5498471ba78e73a5a5, type: 2}
    gameObject: {fileID: 3042510926333368389}
  - kitchenObjectSO: {fileID: 11400000, guid: 9fe2a462914ee3f48ab6da5d517143ef, type: 2}
    gameObject: {fileID: 3042510925385052683}
  - kitchenObjectSO: {fileID: 11400000, guid: 5cbf829ed054c054d83d6c0d4ce309a9, type: 2}
    gameObject: {fileID: 2982049478891182619}
--- !u!1 &2982049478891182619 stripped
GameObject:
  m_CorrespondingSourceObject: {fileID: 3611271270719445377, guid: 10e39c981f2de6441b54efde32ced8f0,
    type: 3}
  m_PrefabInstance: {fileID: 1981458654074553242}
  m_PrefabAsset: {fileID: 0}
--- !u!1 &3042510925385052683 stripped
GameObject:
  m_CorrespondingSourceObject: {fileID: 3550707552397226385, guid: 10e39c981f2de6441b54efde32ced8f0,
    type: 3}
  m_PrefabInstance: {fileID: 1981458654074553242}
  m_PrefabAsset: {fileID: 0}
--- !u!1 &3042510925398123591 stripped
GameObject:
  m_CorrespondingSourceObject: {fileID: 3550707552375629789, guid: 10e39c981f2de6441b54efde32ced8f0,
    type: 3}
  m_PrefabInstance: {fileID: 1981458654074553242}
  m_PrefabAsset: {fileID: 0}
--- !u!1 &3042510925655665801 stripped
GameObject:
  m_CorrespondingSourceObject: {fileID: 3550707552663613203, guid: 10e39c981f2de6441b54efde32ced8f0,
    type: 3}
  m_PrefabInstance: {fileID: 1981458654074553242}
  m_PrefabAsset: {fileID: 0}
--- !u!1 &3042510926176493457 stripped
GameObject:
  m_CorrespondingSourceObject: {fileID: 3550707551136013323, guid: 10e39c981f2de6441b54efde32ced8f0,
    type: 3}
  m_PrefabInstance: {fileID: 1981458654074553242}
  m_PrefabAsset: {fileID: 0}
--- !u!1 &3042510926333368389 stripped
GameObject:
  m_CorrespondingSourceObject: {fileID: 3550707550894988255, guid: 10e39c981f2de6441b54efde32ced8f0,
    type: 3}
  m_PrefabInstance: {fileID: 1981458654074553242}
  m_PrefabAsset: {fileID: 0}
--- !u!1001 &3322086595308272435
PrefabInstance:
  m_ObjectHideFlags: 0
  serializedVersion: 2
  m_Modification:
    serializedVersion: 3
    m_TransformParent: {fileID: 6909734788211425487}
    m_Modifications:
    - target: {fileID: 3812876574508226176, guid: c0c9afd619b40914a8f625c0535e2284,
        type: 3}
      propertyPath: m_RootOrder
      value: 0
      objectReference: {fileID: 0}
    - target: {fileID: 3812876574508226176, guid: c0c9afd619b40914a8f625c0535e2284,
        type: 3}
      propertyPath: m_LocalPosition.x
      value: 0
      objectReference: {fileID: 0}
    - target: {fileID: 3812876574508226176, guid: c0c9afd619b40914a8f625c0535e2284,
        type: 3}
      propertyPath: m_LocalPosition.y
      value: 0
      objectReference: {fileID: 0}
    - target: {fileID: 3812876574508226176, guid: c0c9afd619b40914a8f625c0535e2284,
        type: 3}
      propertyPath: m_LocalPosition.z
      value: 0
      objectReference: {fileID: 0}
    - target: {fileID: 3812876574508226176, guid: c0c9afd619b40914a8f625c0535e2284,
        type: 3}
      propertyPath: m_LocalRotation.w
      value: 1
      objectReference: {fileID: 0}
    - target: {fileID: 3812876574508226176, guid: c0c9afd619b40914a8f625c0535e2284,
        type: 3}
      propertyPath: m_LocalRotation.x
      value: 0
      objectReference: {fileID: 0}
    - target: {fileID: 3812876574508226176, guid: c0c9afd619b40914a8f625c0535e2284,
        type: 3}
      propertyPath: m_LocalRotation.y
      value: 0
      objectReference: {fileID: 0}
    - target: {fileID: 3812876574508226176, guid: c0c9afd619b40914a8f625c0535e2284,
        type: 3}
      propertyPath: m_LocalRotation.z
      value: 0
      objectReference: {fileID: 0}
    - target: {fileID: 3812876574508226176, guid: c0c9afd619b40914a8f625c0535e2284,
        type: 3}
      propertyPath: m_LocalEulerAnglesHint.x
      value: 0
      objectReference: {fileID: 0}
    - target: {fileID: 3812876574508226176, guid: c0c9afd619b40914a8f625c0535e2284,
        type: 3}
      propertyPath: m_LocalEulerAnglesHint.y
      value: 0
      objectReference: {fileID: 0}
    - target: {fileID: 3812876574508226176, guid: c0c9afd619b40914a8f625c0535e2284,
        type: 3}
      propertyPath: m_LocalEulerAnglesHint.z
      value: 0
      objectReference: {fileID: 0}
    - target: {fileID: 3812876574508226177, guid: c0c9afd619b40914a8f625c0535e2284,
        type: 3}
      propertyPath: m_Name
      value: Plate_Visual
      objectReference: {fileID: 0}
    m_RemovedComponents: []
    m_RemovedGameObjects: []
    m_AddedGameObjects: []
    m_AddedComponents: []
  m_SourcePrefab: {fileID: 100100000, guid: c0c9afd619b40914a8f625c0535e2284, type: 3}
--- !u!4 &1941160442472115635 stripped
Transform:
  m_CorrespondingSourceObject: {fileID: 3812876574508226176, guid: c0c9afd619b40914a8f625c0535e2284,
    type: 3}
  m_PrefabInstance: {fileID: 3322086595308272435}
  m_PrefabAsset: {fileID: 0}
